@article{Parr2011,
author = {Parr, Terence and Fisher, Kathleen},
doi = {10.1145/1993316.1993548},
isbn = {978-1-4503-0663-8},
issn = {0362-1340},
journal = {ACM SIGPLAN Notices},
keywords = {ANTLR,augmented transition networks,backtracking,context-sensitive parsing,deterministic finite automata,generator,glr,memoization,nondeterministic parsing,parser,peg,semantic predicates,subset construction,syntactic predicates},
mendeley-tags = {ANTLR,generator,parser},
month = jun,
number = {6},
pages = {425--425--425--436--436--436},
title = {{LL(*): the foundation of the ANTLR parser generator}},
url = {http://dl.acm.org/citation.cfm?id=1993316.1993548},
volume = {46},
year = {2011}
}
@article{Bovet2008,
author = {Bovet, Jean and Parr, Terence},
doi = {10.1002/spe.872},
issn = {00380644},
journal = {Software: Practice and Experience},
keywords = {ANTLR,generator,grammar,parser},
mendeley-tags = {ANTLR,generator,grammar,parser},
month = oct,
number = {12},
pages = {1305--1332},
title = {{ANTLRWorks: an ANTLR grammar development environment}},
url = {http://doi.wiley.com/10.1002/spe.872},
volume = {38},
year = {2008}
}
