% bmc_article.bib
% 
%  An example of bibtex entries.
%  Entries taken from BMC instructions for authors page.

@article{li2009sequence,
  title={{The sequence alignment/map format and SAMtools}},
  author={Li, H. and Handsaker, B. and Wysoker, A. and Fennell, T. and Ruan, J. and Homer, N. and Marth, G. and Abecasis, G. and Durbin, R.},
  journal={Bioinformatics},
  volume={25},
  number={16},
  pages={2078},
  year={2009},
  publisher={Oxford Univ Press}
}

@article{deelman2005pegasus,
  title={{Pegasus: A framework for mapping complex scientific workflows onto distributed systems}},
  author={Deelman, E. and Singh, G. and Su, M.H. and Blythe, J. and Gil, Y. and Kesselman, C. and Mehta, G. and Vahi, K. and Berriman, G.B. and Good, J. and others},
  journal={Scientific Programming},
  volume={13},
  number={3},
  pages={219--237},
  year={2005},
  publisher={IOS Press}
}

@article{snyder2010personal,
  title={{Personal genome sequencing: current approaches and challenges}},
  author={Snyder, M. and Du, J. and Gerstein, M.},
  journal={Genes \& development},
  volume={24},
  number={5},
  pages={423},
  year={2010},
  publisher={Cold Spring Harbor Lab}
}

@phdthesis{fielding2000architectural,
  title={{Architectural Styles and the Design of Network-based Software Architectures}},
  author={Fielding, R.T.},
  year={2000},
  school={University of California}
}

@article{mckenna2010genome,
  title={{The Genome Analysis Toolkit: A MapReduce framework for analyzing next-generation DNA sequencing data}},
  author={McKenna, A.H. and Hanna, M. and Banks, E. and Sivachenko, A. and Cibulskis, K. and Kernytsky, A. and Garimella, K. and Altshuler, D. and Gabriel, S. and Daly, M. and others},
  journal={Genome Research},
  year={2010},
  publisher={Cold Spring Harbor Lab}
}

@article{langmead2009searching,
  title={{Searching for SNPs with cloud computing}},
  author={Langmead, B. and Schatz, M. and Lin, J. and Pop, M. and Salzberg, S.},
  journal={Genome Biology},
  volume={10},
  number={11},
  pages={R134},
  year={2009},
  publisher={BioMed Central Ltd}
}

@article{chang2008bigtable,
  title={{Bigtable: A distributed storage system for structured data}},
  author={Chang, F. and Dean, J. and Ghemawat, S. and Hsieh, W.C. and Wallach, D.A. and Burrows, M. and Chandra, T. and Fikes, A. and Gruber, R.E.},
  journal={ACM Transactions on Computer Systems (TOCS)},
  volume={26},
  number={2},
  pages={4},
  year={2008},
  publisher={ACM}
}

@article{dean2008mapreduce,
  title={{MapReduce: Simplified data processing on large clusters}},
  author={Dean, J. and Ghemawat, S.},
  journal={Communications of the ACM},
  volume={51},
  number={1},
  pages={107--113},
  year={2008},
  publisher={ACM}
}

@article{mungall2007chado,
  title={{A Chado case study: an ontology-based modular schema for representing genome-associated biological information}},
  author={Mungall, C.J. and Emmert, D.B. and others},
  journal={Bioinformatics},
  volume={23},
  number={13},
  pages={i337},
  year={2007},
  publisher={Oxford Univ Press}
}

@article{hubbard2006ensembl,
  title={{Ensembl 2007}},
  author={Hubbard, T.J.P. and Aken, BL and Beal, K. and Ballester, B. and Caccamo, M. and Chen, Y. and Clarke, L. and Coates, G. and Cunningham, F. and Cutts, T. and others},
  journal={Nucleic acids research},
  year={2006},
  publisher={Oxford Univ Press}
}


@article{rhead2009ucsc,
  title={{The UCSC genome browser database: update 2010}},
  author={Rhead, B. and Karolchik, D. and Kuhn, R.M. and Hinrichs, A.S. and Zweig, A.S. and Fujita, P.A. and Diekhans, M. and Smith, K.E. and Rosenbloom, K.R. and Raney, B.J. and others},
  journal={Nucleic acids research},
  year={2009},
  publisher={Oxford Univ Press}
}

@article{stein2002generic,
  title={{The generic genome browser: a building block for a model organism system database}},
  author={Stein, L.D. and Mungall, C. and Shu, S.Q. and Caudy, M. and Mangone, M. and Day, A. and Nickerson, E. and Stajich, J.E. and Harris, T.W. and Arva, A. and others},
  journal={Genome research},
  volume={12},
  number={10},
  pages={1599},
  year={2002},
  publisher={Cold Spring Harbor Lab}
}

@article{giardine2005galaxy,
  title={{Galaxy: a platform for interactive large-scale genome analysis}},
  author={Giardine, B. and Riemer, C. and Hardison, R.C. and Burhans, R. and Elnitski, L. and Shah, P. and Zhang, Y. and Blankenberg, D. and Albert, I. and Taylor, J. and others},
  journal={Genome research},
  volume={15},
  number={10},
  pages={1451},
  year={2005},
  publisher={Cold Spring Harbor Lab}
}


@article{karolchik2004ucsc,
  title={{The UCSC Table Browser data retrieval tool}},
  author={Karolchik, D. and Hinrichs, A.S. and Furey, T.S. and Roskin, K.M. and Sugnet, C.W. and Haussler, D. and Kent, W.J.},
  journal={Nucleic acids research},
  volume={32},
  number={Database Issue},
  pages={D493},
  year={2004},
  publisher={Oxford Univ Press}
}

@article{kent2002human,
  title={{The human genome browser at UCSC}},
  author={Kent, W.J. and Sugnet, C.W. and Furey, T.S. and Roskin, K.M. and Pringle, T.H. and Zahler, A.M. and others},
  journal={Genome research},
  volume={12},
  number={6},
  pages={996},
  year={2002},
  publisher={Cold Spring Harbor Lab}
}


@article{pleasance2010comprehensive,
  title={{A comprehensive catalogue of somatic mutations from a human cancer genome}},
  author={Pleasance, E.D. and Cheetham, R.K. and Stephens, P.J. and McBride, D.J. and Humphray, S.J. and Greenman, C.D. and Varela, I. and Lin, M.L. and Ord{\'o}{\~n}ez, G.R. and Bignell, G.R. and others},
  journal={Nature},
  volume={463},
  pages={191--196},
  year={2010}
}

@article{pleasance2010small,
  title={{A small-cell lung cancer genome with complex signatures of tobacco exposure}},
  author={Pleasance, E.D. and Stephens, P.J. and O'Meara, S. and McBride, D.J. and Meynert, A. and Jones, D. and Lin, M.L. and Beare, D. and Lau, K.W. and Greenman, C. and others},
  journal={Nature},
  volume={463},
  pages={184--190},
  year={2010}
}


@article{mardis2009recurring,
  title={{Recurring mutations found by sequencing an acute myeloid leukemia genome}},
  author={Mardis, E.R. and Ding, L. and Dooling, D.J. and Larson, D.E. and McLellan, M.D. and Chen, K. and Koboldt, D.C. and Fulton, R.S. and Delehaunty, K.D. and McGrath, S.D. and others},
  journal={New England Journal of Medicine},
  volume={361},
  number={11},
  pages={1058},
  year={2009},
  publisher={Mass Med Soc}
}


@article{kim2009highly,
  title={{A highly annotated whole-genome sequence of a Korean individual}},
  author={Kim, J.I. and Ju, Y.S. and Park, H. and Kim, S. and Lee, S. and Yi, J.H. and Mudge, J. and Miller, N.A. and Hong, D. and Bell, C.J. and others},
  journal={Nature},
  volume={460},
  number={7258},
  pages={1011--1015},
  year={2009},
  publisher={Nature Publishing Group}
}

@article{drmanac2010human,
  title={{Human genome sequencing using unchained base reads on self-assembling DNA nanoarrays}},
  author={Drmanac, R. and Sparks, A.B. and Callow, M.J. and Halpern, A.L. and Burns, N.L. and Kermani, B.G. and Carnevali, P. and Nazarenko, I. and Nilsen, G.B. and Yeung, G. and others},
  journal={Science},
  volume={327},
  number={5961},
  pages={78},
  year={2010},
  publisher={AAAS}
}

@article{ley2008dna,
  title={{DNA sequencing of a cytogenetically normal acute myeloid leukaemia genome}},
  author={Ley, T.J. and Mardis, E.R. and Ding, L. and Fulton, B. and McLellan, M.D. and Chen, K. and Dooling, D. and Dunford-Shore, B.H. and McGrath, S. and Hickenbotham, M. and others},
  journal={Nature},
  volume={456},
  number={7218},
  pages={66--72},
  year={2008},
  publisher={Nature Publishing Group}
}


@article{mckernan2009sequence,
  title={{Sequence and structural variation in a human genome uncovered by short-read, massively parallel ligation sequencing using two-base encoding}},
  author={McKernan, K.J. and Peckham, H.E. and Costa, G.L. and McLaughlin, S.F. and Fu, Y. and Tsung, E.F. and Clouser, C.R. and Duncan, C. and Ichikawa, J.K. and Lee, C.C. and others},
  journal={Genome research},
  volume={19},
  number={9},
  pages={1527},
  year={2009},
  publisher={Cold Spring Harbor Lab}
}

@article{ahn2009first,
  title={{The first Korean genome sequence and analysis: full genome sequencing for a socio-ethnic group}},
  author={Ahn, S.M. and Kim, T.H. and Lee, S. and Kim, D. and Ghang, H. and Kim, D.S. and Kim, B.C. and Kim, S.Y. and Kim, W.Y. and Kim, C. and others},
  journal={Genome research},
  volume={19},
  number={9},
  pages={1622},
  year={2009},
  publisher={Cold Spring Harbor Lab}
}

@article{wang2008diploid,
  title={{The diploid genome sequence of an Asian individual}},
  author={Wang, J. and Wang, W. and Li, R. and Li, Y. and Tian, G. and Goodman, L. and Fan, W. and Zhang, J. and Li, J. and Zhang, J. and others},
  journal={Nature},
  volume={456},
  number={7218},
  pages={60--65},
  year={2008},
  publisher={Nature Publishing Group}
}

@article{bentley2008accurate,
  title={{Accurate whole human genome sequencing using reversible terminator chemistry}},
  author={Bentley, D.R. and Balasubramanian, S. and Swerdlow, H.P. and Smith, G.P. and Milton, J. and Brown, C.G. and Hall, K.P. and Evers, D.J. and Barnes, C.L. and Bignell, H.R. and others},
  journal={Nature},
  volume={456},
  number={7218},
  pages={53--59},
  year={2008},
  publisher={Nature Publishing Group}
}


@article{pushkarev2009single,
  title={{Single-molecule sequencing of an individual human genome}},
  author={Pushkarev, D. and Neff, N.F. and Quake, S.R.},
  journal={Nature biotechnology},
  volume={27},
  number={9},
  pages={847--850},
  year={2009},
  publisher={Nature Publishing Group}
}



@article{levy2007diploid,
  title={{The diploid genome sequence of an individual human}},
  author={Levy, S. and Sutton, G. and Ng, P.C. and Feuk, L. and Halpern, A.L. and Walenz, B.P. and Axelrod, N. and Huang, J. and Kirkness, E.F. and Denisov, G. and others},
  journal={PLoS Biol},
  volume={5},
  number={10},
  pages={e254},
  year={2007}
}

@article{wheeler2008complete,
  title={{The complete genome of an individual by massively parallel DNA sequencing}},
  author={Wheeler, D.A. and Srinivasan, M. and Egholm, M. and Shen, Y. and Chen, L. and McGuire, A. and He, W. and Chen, Y.J. and Makhijani, V. and Roth, G.T. and others},
  journal={Nature},
  volume={452},
  number={7189},
  pages={872--876},
  year={2008},
  publisher={Nature Publishing Group}
}


@article{lander2001initial,
  title={{Initial sequencing and analysis of the human genome}},
  author={Lander, E.S. and Linton, L.M. and Birren, B. and Nusbaum, C. and Zody, M.C. and Baldwin, J. and Devon, K. and Dewar, K. and Doyle, M. and FitzHugh, W. and others},
  journal={Nature},
  volume={409},
  number={6822},
  pages={860--921},
  year={2001},
  publisher={Nature Publishing Group}
}


@article{clark2010u87mg,
  title={{U87MG decoded: the genomic sequence of a cytogenetically aberrant human cancer cell line}},
  author={Clark, M.J. and Homer, N. and O'Connor, B.D. and Chen, Z. and Eskin, A. and Lee, H. and Merriman, B. and Nelson, S.F.},
  year={2010},
  publisher={Public Library of Science}
}

@article{blank,
	author  = {}, 
	title   = {},
	journal = {}, 
	year  = {},
	  month = {}, 
	  volume= {}, 
	  number= {}, 
	  pages = {},
	  note  = {} 
}	

% Article within a journal
@ARTICLE{koon,
	author  = {Koonin, E V and Altschul, S F and P Bork}, 
	title   = {BRCA1 protein products: functional motifs}, 
	journal = {Nat Genet}, 
	year    = {1996},
	volume  = {13}, 
	pages   = {266-267}
}	

% Article within a journal supplement
@ARTICLE{oreg,
	author  = {Orengo, C A and Bray, J E and Hubbard, 
		   T and LoConte, L and Sillitoe, I}, 
	title   = {Analysis and assessment of ab initio 
		   three-dimensional prediction, secondary 
		   structure, and contacts prediction},
	journal = {Proteins}, 
	year    = {1999},
	volume  = {Suppl 3}, 
	pages   = {149-170}
}	

% In press article
@inpress{khar,
	author  = {Kharitonov, S A and Barnes, P J}, 
	title   = {Clinical aspects of exhaled nitric oxide},
	journal = {Eur Respir J}, 
	note    = {in press} 
}	

%
% Published abstract
%
@ARTICLE{zvai,
	author  = {Zvaifler, N J and Burger, J A and Marinova-Mutafchieva, 
		   L and Taylor, P and Maini, R N},
	title   = {Mesenchymal cells, stromal derived factor-1 and 
		   rheumatoid arthritis [abstract]},
	journal = {Arthritis Rheum}, 
	year    = {1999},
	volume  = {42}, 
	pages   = {s250},
}	


%
% Article within conference proceedings
%
@Inproceedings{xjon,
	author    = {X Jones}, 
	title     = {Zeolites and synthetic mechanisms},
	booktitle = {Proceedings of the First National Conference on 
		     Porous Sieves: 27-30 June 1996; Baltimore},
	year      = {1996},
	  editor  = {Y Smith}, 
	  pages   = {16-27},
	  organization  = {Stoneham: Butterworth-Heinemann}
}	

%%%%%%%%
%  Book chapter, or article within a book
%
@incollection{schn,
	author    = {E Schnepf}, 
	title     = {From prey via endosymbiont to plastids: 
		     comparative studies in dinoflagellates},
	booktitle = {Origins of Plastids}, 
	editor    = {R A Lewin}, 
	publisher = {Chapman and Hall},
	pages     = {53-76}, 
	year      = {1993},
	  address = {New York}, 
	  volume  = {2}, 
	  edition = {2nd} 
}	

%%%%%%%%
% Whole issue of journal
%
@wholejournal{pond,
	editor  = {B Ponder and S Johnston and L Chodosh}, 
	title   = {Innovative oncology},
	journal = {Breast Cancer Res}, 
	year  = {1998},
	  volume= {10}, 
	  pages = {1-72}
}	


%%%%%%%%
% Whole conference proceedings
%
@proceedings{smith,
	editor  = {Y Smith}, 
	title   = {Proceedings of the First National Conference
		   on Porous Sieves: 27-30 June 1996; Baltimore},
	year = 1996,
	  address= {Stoneham}, 
	  publisher = {Butterworth-Heinemann},
}	


%%%%%%%%
% Complete book
%
@book{marg,
	author    = {L Margulis}, 
	title     = {Origin of Eukaryotic Cells},
	publisher = {Yale University Press}, 
	year      = {1970},
	address   = {New Haven} 
}



%%%%%%%%
% Monograph or book in series 
%
@incollection{hunn,
	author    = {G W Hunninghake and J E Gadek}, 
	title     = {The alveloar macrophage},
	booktitle = {Cultured Human Cells and Tissues},
	publisher = {Academic Press}, 
	year      = {1995},
  pages      = {54-56},
	  editor   = {T J R Harris}, 
	  address  = {New York}, 
	  note     = {Stoner G (Series Editor): Methods and Perspectives in Cell Biology, vol 1} 
}


%%%%%%%%
% Book with institutional author
@manual{advi,
	  title   = {Annual Report}, 
	    organization  = {Advisory Committee on Genetic Modification}, 
	    address = {London},
	    year    = {1999}
}


%%%%%%%%
% PHD Thesis
%
@phdthesis{koha,
	author = {R Kohavi}, 
	title  = {Wrappers for performance enhancement and
		  obvious decision graphs},
	school = {Stanford University, Computer Science Department},
	year   = {1995}
}

%%%%%%%%
% Webpage Link / URL
%
@webpage{mouse,
	title  = {The Mouse Tumor Biology Database},
	url = {http://tumor.informatics.jax.org/cancer_links.html}
}


